
@article{Benetos2013,
author = {Benetos, E. and Dixon, S. and Giannoulis, D. and Kirchhoff, H. and Klapuri, A.},
doi = {10.1007/s10844-013-0258-3},
file = {:Users/adrien/Dropbox/Queen Mary/Research/MLM Biblio/MIR/JIIS-MIRrors-AMT-postprint.pdf:pdf},
issn = {09259902},
journal = {Journal of Intelligent Information Systems},
keywords = {automatic music,music information retrieval,music signal analysis},
number = {3},
pages = {407--434},
title = {{Automatic music transcription: challenges and future directions}},
volume = {41},
year = {2013}
}

@inproceedings{ycart2018polyphonic,
  title={Polyphonic music sequence transduction with meter-constrained LSTM networks},
  author={Ycart, Adrien and Benetos, Emmanouil},
  booktitle={2018 IEEE International Conference on Acoustics, Speech and Signal Processing (ICASSP)},
  pages={386--390},
  year={2018},
  organization={IEEE}
}

@article{sigtia2016end,
  title={An end-to-end neural network for polyphonic piano music transcription},
  author={Sigtia, Siddharth and Benetos, Emmanouil and Dixon, Simon},
  journal={IEEE/ACM Transactions on Audio, Speech, and Language Processing},
  volume={24},
  number={5},
  pages={927--939},
  year={2016},
  publisher={IEEE}
}

@article{Boulanger-Lewandowski2012,
author = {Boulanger-Lewandowski, Nicolas and Vincent, Pascal and Bengio, Yoshua},
isbn = {978-1-4503-1285-1},
journal = {Proceedings of the 29th International Conference on Machine Learning (ICML-12)},
mendeley-groups = {MLM/Neural Networks},
number = {Cd},
pages = {1159--1166},
title = {{Modeling Temporal Dependencies in High-Dimensional Sequences: Application to Polyphonic Music Generation and Transcription}},
year = {2012}
}

@inproceedings{Ycart2017,
  author = {A. Ycart and E. Benetos},
  title = {A Study on {LSTM} Networks for Polyphonic Music Sequence Modelling},
  booktitle = {18th International Society for Music Information Retrieval Conference (ISMIR)},
  pages = {421--427},
  year = {2017}
} 

@article{Kelz2016,
author = {Kelz, R. and Dorfer, M. and Korzeniowski, F. and Bock, S. and Arzt, A. and Widmer, G.},
journal = {Proceedings of the International Conference on Music Information Retrieval (ISMIR)},
pages = {475--481},
title = {{On the Potential of Simple Framewise Approaches to Piano Transcription}},
year = {2016}
}

@article{Hawthorne2018,
author = {Hawthorne, Curtis, Erich Elsen, Jialin Song, Adam Roberts, Ian Simon, Colin Raffel, Jesse Engel, Sageev Oore, and Douglas Eck},
journal = {Proceedings of the International Conference on Music Information Retrieval (ISMIR)},
title = {{Onsets and Frames: Dual-Objective Piano Transcription}},
year = {2018}
}
